@misc{wikipedia,
  title = {{Wikipedia} - Wikipedia},
  howpublished = {\url{https://en.wikipedia.org/wiki/Wikipedia}},
  note = {Accessed: 2015-11-27}
}

@misc{wikipedia_stats,
  title = {{Wikipedia} - List of Wikipedias},
  howpublished = {\url{https://meta.wikimedia.org/wiki/List_of_Wikipedias}},
  note = {Accessed: 2015-11-27}
}

@misc{wikimedia_dumps,
  title = {{Wikimedia} - dumps},
  howpublished = {\url{https://dumps.wikimedia.org/}},
  note = {Accessed: 2015-11-23}
}

@misc{graphipedia,
  title = {{Github} - graphipedia},
  howpublished = {\url{https://github.com/mirkonasato/graphipedia}},
  note = {Accessed: 2015-11-23}
}

@misc{graphipedia-michael,
  title = {{Github} - graphipedia},
  howpublished = {\url{https://github.com/DownMoney/graphipedia}},
  note = {Accessed: 2015-11-23}
}


@misc{sixdegrees,
  title = {{Stephen Dolan} - Six Degrees of Wikipedia},
  howpublished = {\url{http://mu.netsoc.ie/wiki/}},
  note = {Accessed: 2015-11-23}
}
